@Book{ellis:90, 
    Author = {Margaret A. Ellis and Bjarne Stroustrup},
    Title  = {The Annotated {C++} Reference Manual},
    Publisher = {Addison-Wesley Publishing Company},
    Address = {Reading, MA},
    Year = 1990
}

@Book{Cardelli:95,
    Author = {Luca Cardelli and James Donahue and Lucille Glassman and
		  Mick Jordan and Bill Kalsow and Greg Nelson},
    Title  = {The {Modula-3} Language Definition},
    Publisher = {Digital Equipment Corporation},
    Address = {Maynard, MA},
    Year = 1995
}

@inproceedings{hcw96,
        author = {G. Weaver and K.S. McKinley and C. Weems},
	title  = {Score: A Compiler Representation for Heterogeneous Systems},
	booktitle = {Heterogeneous Computing Workshop}, 
        year      = 1996,
        month     = {April},
        address   = {Honolulu, HI}
}

