@Book{ellis:90,
    Author = {Margaret A. Ellis and Bjarne Stroustrup},
    Title  = {The Annotated {C++} Reference Manual},
    Publisher = {Addison-Wesley Publishing Company},
    Address = {Reading, MA},
    Year = 1990
}

@Misc{clefdd,
  Title = {The Common Language Encoding Form (Clef) Design Document},
  Author = {Scale Design Group - Glen Weaver},
  Year = {1996}
}

@Manual{f77,
  Key = {ANSI},
  Title = {American National Standard Programming Language -
		  {FORTRAN}},
  Organization = {American National Standards Institute},
  Address = {New York, NY},
  Edition = {{ANSI X3.9-1978}},
  Year = {1978}
}

@TechReport{roberts:89,
  Author = {Eric S. Roberts},
  Title = {Implementing Exceptions in C},
  Institution = {Digitial System Research Center},
  Number = {Research Report #40},
  Year = 1989}

